================================================================================
INGREDIENTS TO PURCHASE (59 items)
================================================================================
F. Turkey Spaghetti: apples (2 cnt)
D. Turkey Barley Soup: Berries (9 oz)
B. Kale & Chicken Pasta: Brami protein pasta (1 box)
F. Turkey Spaghetti: Brami protein pasta (1 box)
A. Mackerel Meatball: Canned Mackerel (2 can)
E. Mackerel Cauliflower Fried Rice: Canned Mackerel (1 can)
D. Turkey Barley Soup: Carrots (1 lb)
D. Turkey Barley Soup: Carrots (1 lb)
D. Turkey Barley Soup: Celery (1 rib)
D. Turkey Barley Soup: Cheddar (0.25 cup)
B. Kale & Chicken Pasta: Chicken (2 packages)
C. Warm Chicken Grain Bowl: Chicken (2 packages)
A. Mackerel Meatball: Cucumber (0.6666666666666666 cnt)
A. Mackerel Meatball: Dill (0.29 lb)
A. Mackerel Meatball: Egg (2 cnt)
E. Mackerel Cauliflower Fried Rice: egg (6 cnt)
B. Kale & Chicken Pasta: Eggplant (3 cnt)
A. Mackerel Meatball: Feta (0.5 cup)
B. Kale & Chicken Pasta: Feta (0.25 box)
E. Mackerel Cauliflower Fried Rice: Frozen peas and carrots (1 bag)
B. Kale & Chicken Pasta: Grapefruit (2 cnt)
A. Mackerel Meatball: Grapes (0.3333333333333333 box)
C. Warm Chicken Grain Bowl: Grapes (0.3333333333333333 box)
E. Mackerel Cauliflower Fried Rice: Grapes (0.3333333333333333 box)
F. Turkey Spaghetti: green beans  (0.125 bag)
D. Turkey Barley Soup: ground turkey (1.72 lb)
F. Turkey Spaghetti: ground turkey (1.72 lb)
A. Mackerel Meatball: Kale (1 bunch)
B. Kale & Chicken Pasta: Kale (1 bunch)
C. Warm Chicken Grain Bowl: Kale (1 bunch)
E. Mackerel Cauliflower Fried Rice: Kimchi (0.125 container)
A. Mackerel Meatball: Lemon (1 cnt)
A. Mackerel Meatball: Lemon Juice (0.25 bottle)
A. Mackerel Meatball: Lime (1 cnt)
D. Turkey Barley Soup: Meat Stock (5 cup)
A. Mackerel Meatball: Panko (1 cup)
B. Kale & Chicken Pasta: Parmesan (0.125 block)
A. Mackerel Meatball: Parsley (0.5 bunch)
D. Turkey Barley Soup: Parsley (0.5 bunch)
F. Turkey Spaghetti: peanut butter (0.25 container)
C. Warm Chicken Grain Bowl: pearl barley (1 bag)
D. Turkey Barley Soup: pearl barley (1 bag)
C. Warm Chicken Grain Bowl: Pistachio (1 cup)
C. Warm Chicken Grain Bowl: Pomegranate (1 packages)
D. Turkey Barley Soup: Purple Potato (2 lb)
E. Mackerel Cauliflower Fried Rice: Riced Cauliflower (2 packages)
A. Mackerel Meatball: Sourdough Bread (0.3333333333333333 loaf)
C. Warm Chicken Grain Bowl: Sourdough Bread (0.5 loaf)
D. Turkey Barley Soup: Sourdough Bread (0.5 loaf)
F. Turkey Spaghetti: Sourdough Bread (0.5 loaf)
F. Turkey Spaghetti: spinach (0.5 container)
F. Turkey Spaghetti: squash (1 cnt)
C. Warm Chicken Grain Bowl: Sweet Potato (3 cnt)
A. Mackerel Meatball: Tomato (379 g)
A. Mackerel Meatball: Tomato Paste (8 oz)
D. Turkey Barley Soup: Tomato Sauce (1 can)
F. Turkey Spaghetti: Tomato Sauce (3 can)
D. Turkey Barley Soup: Vegan Cheddar (2 slices)
A. Mackerel Meatball: Yogurt (0.6666666666666666 quart)

================================================================================
PRICE COMPARISON BY INGREDIENT
================================================================================

apples:
  Costco: $4.89 (4lb Fuji apples)
  Costco: $4.79 (Rave Apples)
  Costco: $5.59 (Envy Apples)
  Costco: $4.89 (Fuji Apples)
  Costco: $5.49 (4lb Envy Apples)
  Safeway: $0.93 (Apples Cosmic Crisp, 1 apple @$1.69/lb)
  Safeway: $1.05 (Apples Granny Smith, 1 apple @ $1.99/lb)
  Safeway: $0.96 (Apples Gala Large, 1 apple @ $1.99/lb)
  Safeway: $9.09 (5 Honeycrisp Apples @$2.99/lb -- 3.04 lb)
  → BEST: Safeway at $0.93

Berries:
  Costco: $4.99 (Blueberries)
  Costco: $4.79 (Raspberries)
  Costco: $4.79 (Driscoll's Raspberries)
  Costco: $5.49 (Fresh Strawberries)
  Costco: $4.99 (Strawberries, 2 lb)
  Costco: $3.79 (Strawberries)
  Costco: $20.86 (Joe Wu (chai berries ))
  Costco: $3.79 (Strawberries "Premium Limited Edition")
  Safeway: $3.99 (Strawberries Prepacked - 1 Lb)
  Safeway: $3.38 (Blueberries Prepacked)
  Safeway: $3.77 (Signature Select Blueberries)
  Safeway: $3.49 (Blueberries 6 oz)
  Safeway: $6.99 (Fresh Strawberries)
  Safeway: $3.99 (Stawberries)
  Safeway: $15.98 (Prepacked Blueberries, 2 boxes)
  H-Mart: $2.98 (Private Selection Jumbo Blueberries)
  H-Mart: $3.98 (Naturipe Blueberries @$1.99/18oz box)
  Walmart: $7.82 (Great Value Blueberries, 48 oz (Frozen) 16.3¢/oz)
  Walmart: $4.97 (Amara Organic Smoothie Melts, Mixed Red Berries, No Added Sugar, Baby Food Stage 2, 1 oz Bag $4.97/oz)
  Walmart: $4.58 (Fresh Strawberries, 2 lb, Container 14.3¢/oz)
  Walmart: $3.76 (Great Value Frozen Blackberries, 16 oz 23.5¢/oz)
  → BEST: H-Mart at $2.98

Brami protein pasta:
  Costco: $10.99 (Brami Protein Pasta, Madein Italy, 2 boxes Fusilli, 2 baxes curly mac)
  Costco: $17.99 (RX BAR: 7 choco sea salt, 7 blueberry, 12G Protein)
  Safeway: $1.29 (Signature Select Pasta Shells Medium 16 Oz)
  Safeway: $1.29 (Signature SELECT Pasta Fettuccine Box - 16 Oz)
  Safeway: $1.29 (Signature SELECT Pasta Rigatoni Box - 16 Oz)
  Safeway: $7.98 (2 boxes: Brami Lupini Pasta Semolina Spaghetti - 14.5 OZ)
  Walmart: $3.15 (Bumble Bee Pink Salmon, Wild Caught, Gluten Free, 18g Protein per Serving, Ready to Eat, Shelf Stable Can, 14.75oz 28.7¢/oz)
  Walmart: $1.14 (Beach Cliff Sardines in Water, Gluten Free Food, High Protein Snacks, 3.75oz can)
  Walmart: $4.24 (Bumble Bee Wild Pink Salmon, Ready to Eat Salmon, High Protein Food, 14.75oz Can; 28.7¢/oz)
  → BEST: Safeway at $1.29

Brami protein pasta:
  Costco: $10.99 (Brami Protein Pasta, Madein Italy, 2 boxes Fusilli, 2 baxes curly mac)
  Costco: $17.99 (RX BAR: 7 choco sea salt, 7 blueberry, 12G Protein)
  Safeway: $1.29 (Signature Select Pasta Shells Medium 16 Oz)
  Safeway: $1.29 (Signature SELECT Pasta Fettuccine Box - 16 Oz)
  Safeway: $1.29 (Signature SELECT Pasta Rigatoni Box - 16 Oz)
  Safeway: $7.98 (2 boxes: Brami Lupini Pasta Semolina Spaghetti - 14.5 OZ)
  Walmart: $3.15 (Bumble Bee Pink Salmon, Wild Caught, Gluten Free, 18g Protein per Serving, Ready to Eat, Shelf Stable Can, 14.75oz 28.7¢/oz)
  Walmart: $1.14 (Beach Cliff Sardines in Water, Gluten Free Food, High Protein Snacks, 3.75oz can)
  Walmart: $4.24 (Bumble Bee Wild Pink Salmon, Ready to Eat Salmon, High Protein Food, 14.75oz Can; 28.7¢/oz)
  → BEST: Safeway at $1.29

Canned Mackerel:
  Costco: $10.99 (Coconut Milk Canned Thai Kitchen)
  Costco: $18.99 (WS Wild Salmon Canned, 6 x 6oz cans)
  Walmart: $0.92 (Great Value, No Salt Added, Canned Black Beans, 15 oz Can Multipack Quantity: 1 6.1¢/oz)
  Walmart: $0.92 (Great Value, No Salt Added, Canned Black Beans, 15 oz Can 6.1¢/oz)
  → BEST: Walmart at $0.92

Canned Mackerel:
  Costco: $10.99 (Coconut Milk Canned Thai Kitchen)
  Costco: $18.99 (WS Wild Salmon Canned, 6 x 6oz cans)
  Walmart: $0.92 (Great Value, No Salt Added, Canned Black Beans, 15 oz Can Multipack Quantity: 1 6.1¢/oz)
  Walmart: $0.92 (Great Value, No Salt Added, Canned Black Beans, 15 oz Can 6.1¢/oz)
  → BEST: Walmart at $0.92

Carrots:
  Costco: $5.29 (Organic Carrots)
  Safeway: $3.59 (Signature Select Peas & Carrots 32 Oz)
  Safeway: $2.69 (Signature Select Baby Peeled Carrots 2lb)
  Safeway: $1.99 (Signature Select Carrots Crinkle Cut Steam in Bag - 12 OZ)
  Safeway: $3.99 (Sig Peas and Carrots)
  Safeway: $2.69 (Signature Select/farms Baby Peeled Carrots 2lb)
  Safeway: $1.99 (Signature Select Crinkle Cut Carrots Frozen)
  Safeway: $1.39 (Signature Baby Carrots 1 lb)
  Safeway: $0.95 (Signature Select/Farms Baby Peeled Carrots)
  Safeway: $1.69 (Signature Select/Farms Baby-Cut Peeled Carrots - 16 Oz)
  Safeway: $1.69 (Singature Select Baby Carrots Washed and peeled)
  H-Mart: $0.98 (GF Whole Carrots bag)
  Walmart: $1.37 (Fresh Produce, Baby Peeled Carrots, 1lb Bag 7.3¢/oz)
  Walmart: $0.98 (Great Value Frozen Peas & Carrots, Gluten-Free, 12 oz Steamable Bag 8.2¢/oz)
  Walmart: $2.4 (Organic Fresh Whole Carrots, 2 lb Bag 7.5¢/oz)
  Walmart: $1.32 (Baby Peeled Carrots, 1 lb 8.3¢/oz)
  → BEST: H-Mart at $0.98

Carrots:
  Costco: $5.29 (Organic Carrots)
  Safeway: $3.59 (Signature Select Peas & Carrots 32 Oz)
  Safeway: $2.69 (Signature Select Baby Peeled Carrots 2lb)
  Safeway: $1.99 (Signature Select Carrots Crinkle Cut Steam in Bag - 12 OZ)
  Safeway: $3.99 (Sig Peas and Carrots)
  Safeway: $2.69 (Signature Select/farms Baby Peeled Carrots 2lb)
  Safeway: $1.99 (Signature Select Crinkle Cut Carrots Frozen)
  Safeway: $1.39 (Signature Baby Carrots 1 lb)
  Safeway: $0.95 (Signature Select/Farms Baby Peeled Carrots)
  Safeway: $1.69 (Signature Select/Farms Baby-Cut Peeled Carrots - 16 Oz)
  Safeway: $1.69 (Singature Select Baby Carrots Washed and peeled)
  H-Mart: $0.98 (GF Whole Carrots bag)
  Walmart: $1.37 (Fresh Produce, Baby Peeled Carrots, 1lb Bag 7.3¢/oz)
  Walmart: $0.98 (Great Value Frozen Peas & Carrots, Gluten-Free, 12 oz Steamable Bag 8.2¢/oz)
  Walmart: $2.4 (Organic Fresh Whole Carrots, 2 lb Bag 7.5¢/oz)
  Walmart: $1.32 (Baby Peeled Carrots, 1 lb 8.3¢/oz)
  → BEST: H-Mart at $0.98

Celery:
  Costco: $4.99 (Organic Celery)
  Safeway: $4.17 (Signature Select Diced Tomatoes With Peppers Celery & Onions 14.5 Ounce, 3 Cans)
  H-Mart: $2.49 (American Celery USA/MEX)
  Walmart: $2.12 (Fresh Celery Stalk, Each $2.12/ea)
  → BEST: Walmart at $2.12

Cheddar:
  Costco: $7.27 (Ivy's Reserve Vintage Somerset Cheddar Cheese Aged for 18 months, made in great britain @$6.99/lb)
  Costco: $11.79 (Goldfish Cheddar Flavor)
  Costco: $12.75 (KS coastal cheddar @$6.89/lb)
  Safeway: $6.99 (Violife 100% Vegan Just Like Cheddar Slices)
  Safeway: $7.99 (Lucerne Cheese Sharp Cheddar - 32 Oz)
  Safeway: $5.77 (Lucerne Cheese Sharp Cheddar Rustic Cut)
  Safeway: $6.98 (White Cheddar Cheez-its, two 7oz boxes)
  Safeway: $3.99 (Kraft Heinz Notco Plant Based White Cheddar Mac & Cheese 6 Oz)
  Safeway: $2.49 (O Organics Vegan Mac Cheddar Style Gluten Free 6 Oz)
  Safeway: $6.99 (Violife Just Like Cheddar Slices Dairy-Free Vegan - 7.05 Oz)
  Safeway: $3.49 (Pepperidge Farm Goldfish Cheddar)
  Walmart: $2.74 (Kraft NotCo White Cheddar Style Plant Based Mac & Cheese, 6 oz Box, Packaged Meal, Shelf-Stable 41.2¢/oz)
  Walmart: $3.28 (Cabot Creamery Seriously Sharp Cheddar Cheese Block 8 oz (Refrigerated) 41.0¢/oz)
  → BEST: Walmart at $2.74

Chicken:
  Costco: $19.58 (fryer thighs chicken)
  Costco: $13.49 (Bibigo Steamed Dumplings Chicken and Vegetable 6 trays)
  Costco: $15.99 (Mandarin Orange Chicken)
  Costco: $8.13 (Chicken Drumsticks @$0.99/lb)
  Costco: $24.64 (BNLS/SL BRST Boneless Skinless Chicken Breast @$2.99/lb)
  Costco: $10.41 (Fresh Chicken Paws @$1.99/lb)
  Costco: $30.32 (BNLS/SL boneless skinless chicken breast @$2.99/lb)
  Costco: $7.92 (Young Chicken Drumsticks @$0.99/lb)
  Costco: $9.97 (Chicken Potstickers Ling Ling)
  Costco: $8.2 (Young Chicken Drumsticks 8.28lb @$0.99/lb)
  Costco: $23.83 (BNLS/SL BRST chicken breasts Kirkland @$2.99/lb)
  Costco: $15.99 (Crazy Cuizine Mandarin Orange Chicken)
  Costco: $25.98 (BNLS/SL BRST boneless skinless chicken breasts @$2.99/lb)
  Costco: $20.6 (Fryer Thighs Young Chicken, $1.79/lb)
  Costco: $12.69 (Ling Ling Chicken Chive Potstickers)
  Safeway: $9.99 (Mixed Roasted Chicken 8 Count Hot)
  Safeway: $8.98 (Signature Farms Chicken Drumsticks @$1.69/lb)
  Safeway: $12.98 (2@ Imagine Brother Chicken Stock, 32 fl oz each)
  H-Mart: $62.18 (various groceries for chicken feet)
  Walmart: $5.06 (Tyson All Natural, Fresh Chicken Drumsticks, Family Pack, 4.25 - 6.7 lb Tray $1.17/lb)
  Walmart: $4.34 (Chicken of the Sea Wild Caught Alaskan Pink Salmon, Traditional Style 14.75 oz 29.4¢/oz)
  → BEST: Walmart at $5.06

Chicken:
  Costco: $19.58 (fryer thighs chicken)
  Costco: $13.49 (Bibigo Steamed Dumplings Chicken and Vegetable 6 trays)
  Costco: $15.99 (Mandarin Orange Chicken)
  Costco: $8.13 (Chicken Drumsticks @$0.99/lb)
  Costco: $24.64 (BNLS/SL BRST Boneless Skinless Chicken Breast @$2.99/lb)
  Costco: $10.41 (Fresh Chicken Paws @$1.99/lb)
  Costco: $30.32 (BNLS/SL boneless skinless chicken breast @$2.99/lb)
  Costco: $7.92 (Young Chicken Drumsticks @$0.99/lb)
  Costco: $9.97 (Chicken Potstickers Ling Ling)
  Costco: $8.2 (Young Chicken Drumsticks 8.28lb @$0.99/lb)
  Costco: $23.83 (BNLS/SL BRST chicken breasts Kirkland @$2.99/lb)
  Costco: $15.99 (Crazy Cuizine Mandarin Orange Chicken)
  Costco: $25.98 (BNLS/SL BRST boneless skinless chicken breasts @$2.99/lb)
  Costco: $20.6 (Fryer Thighs Young Chicken, $1.79/lb)
  Costco: $12.69 (Ling Ling Chicken Chive Potstickers)
  Safeway: $9.99 (Mixed Roasted Chicken 8 Count Hot)
  Safeway: $8.98 (Signature Farms Chicken Drumsticks @$1.69/lb)
  Safeway: $12.98 (2@ Imagine Brother Chicken Stock, 32 fl oz each)
  H-Mart: $62.18 (various groceries for chicken feet)
  Walmart: $5.06 (Tyson All Natural, Fresh Chicken Drumsticks, Family Pack, 4.25 - 6.7 lb Tray $1.17/lb)
  Walmart: $4.34 (Chicken of the Sea Wild Caught Alaskan Pink Salmon, Traditional Style 14.75 oz 29.4¢/oz)
  → BEST: Walmart at $5.06

Cucumber:
  Costco: $5.99 (Organic Cucumber, 3 cucs)
  Costco: $6.99 (Organic Cucumber)
  Costco: $5.99 (Mini Cukes Cocktail Cucumbers)
  Costco: $11.99 (Cucumber Kimchi)
  Costco: $5.99 (Mini cucumbers. Cukes )
  Costco: $5.99 (Mini cucumbers cocktail)
  Costco: $5.99 (Organic Cucumber, 3 pack, product of Mexico)
  Costco: $6.99 (Organic Cucumber, windset farms)
  Safeway: $0.99 (Cucumbers, 1 whole)
  Safeway: $31.98 (Native Cucumber & Mint Deodorant - 2.65 Oz x 2 sticks)
  H-Mart: $1.8 (American Cucumber USA/MEXICO @$0.98/lb)
  H-Mart: $3.38 (Persian Cucumber 4 cnt @$2.79/lb)
  Walmart: $0.67 (Fresh Cucumber, Each 67.0¢/ea)
  Walmart: $0.72 (Fresh Cucumber, Each 72.0¢/ea)
  Walmart: $1.74 (Fresh Cucumber, Each 58.0¢/ea Qty 3)
  Walmart: $0.84 (Fresh Cucumber)
  → BEST: Walmart at $0.67

Dill:
  Costco: $5.99 (Grillo's Pickles Chips classic dill)
  H-Mart: $4.35 (Dill USA/MEX @$14.99/lb)
  Walmart: $1.78 (Dill)
  Walmart: $1.78 (Fresh Dill, 0.5 oz clamshell)
  Walmart: $2.24 (Great Value Dill Weed, 0.75 oz)
  → BEST: Walmart at $1.78

Egg:
  Costco: $7.99 (Pasture Eggs)
  Costco: $23.62 (Kirkland Signature Parmigiano Reggiano Straveccho Stravecchio @$16.29/lb)
  Costco: $9.39 (KS 5-dozen eggs)
  Costco: $10.99 (KS 5 Dozen Cage Free Grade AA Large Eggs)
  Costco: $13.19 (KS Cage-Free Grade AA Large 5 dozen eggs (1 cracked))
  Costco: $9.99 (Quail Eggs 54 cnt x 0.26 oz -- "Stewed" / "Salt Baked")
  Costco: $14.29 (KS 5 Dozen Eggs)
  Costco: $9.59 (KS Stir Fry Veggie Blend)
  Costco: $6.89 (KS Cage Free Grade AA Large 24 Eggs)
  H-Mart: $3.67 (Chinese Eggplant USA/MEX @$1.78/lb -- 3 count)
  H-Mart: $1.89 (Chinese Eggplant USA/MEXICO @$1.38/lb)
  H-Mart: $7.52 (Chinese Eggplant USA/MEXICO @$2.49/lb)
  → BEST: H-Mart at $3.67

egg:
  Costco: $7.99 (Pasture Eggs)
  Costco: $23.62 (Kirkland Signature Parmigiano Reggiano Straveccho Stravecchio @$16.29/lb)
  Costco: $9.39 (KS 5-dozen eggs)
  Costco: $10.99 (KS 5 Dozen Cage Free Grade AA Large Eggs)
  Costco: $13.19 (KS Cage-Free Grade AA Large 5 dozen eggs (1 cracked))
  Costco: $9.99 (Quail Eggs 54 cnt x 0.26 oz -- "Stewed" / "Salt Baked")
  Costco: $14.29 (KS 5 Dozen Eggs)
  Costco: $9.59 (KS Stir Fry Veggie Blend)
  Costco: $6.89 (KS Cage Free Grade AA Large 24 Eggs)
  H-Mart: $3.67 (Chinese Eggplant USA/MEX @$1.78/lb -- 3 count)
  H-Mart: $1.89 (Chinese Eggplant USA/MEXICO @$1.38/lb)
  H-Mart: $7.52 (Chinese Eggplant USA/MEXICO @$2.49/lb)
  → BEST: H-Mart at $3.67

Eggplant:
  H-Mart: $3.67 (Chinese Eggplant USA/MEX @$1.78/lb -- 3 count)
  H-Mart: $1.89 (Chinese Eggplant USA/MEXICO @$1.38/lb)
  H-Mart: $7.52 (Chinese Eggplant USA/MEXICO @$2.49/lb)
  → BEST: H-Mart at $3.67

Feta:
  Costco: $6.99 (Crumbled Feta President)
  Costco: $6.999 (President Feta Cheese Crumbles, 24 oz)
  Walmart: $3.28 (Frigo Crumbled Feta Cheese, 5 oz Refrigerated Plastic Cup)
  → BEST: Walmart at $3.28

Feta:
  Costco: $6.99 (Crumbled Feta President)
  Costco: $6.999 (President Feta Cheese Crumbles, 24 oz)
  Walmart: $3.28 (Frigo Crumbled Feta Cheese, 5 oz Refrigerated Plastic Cup)
  → BEST: Walmart at $3.28

Frozen peas and carrots:
  Costco: $12.99 (Swift Beef Marrow Bones, Frozen)
  Costco: $23.99 (Kirkland Signature, Organic Coconut Water, 33.8 fl oz, 9-count)
  Costco: $23.62 (Kirkland Signature Parmigiano Reggiano Straveccho Stravecchio @$16.29/lb)
  Costco: $9.99 (Kirkland Signature Organic Green Beans, Extra Fine, 5 lbs)
  Costco: $11.99 (Kirkland Signature Three Berry Blend, 4 lbs )
  Costco: $1.97 (Bakaji: Sadabahar Soanpapdi "Ethnic flaky sweet with pistachios and almonds, cereal based sweet")
  Costco: $6.89 (Kirkland Signature Organic Greek Nonfat Yogurt, Plain, 3 lbs)
  Costco: $13.49 (Bibigo Steamed Dumplings Chicken and Vegetable 6 trays)
  Costco: $9.79 (KS Stir Fry Frozen)
  Costco: $9.69 (La Grande Galette French Butter Cookies with Sea Salt)
  Costco: $14.39 (Kirkland Signature Pepperoni Pizza, 19.05 oz, 4-count)
  Costco: $23.99 (Shrimp, Frozen, head-on, shell-on, 9/14 ct farmed white shrimp)
  Costco: $15.99 (Mandarin Orange Chicken)
  Costco: $12.59 (Kirkland Signature Organic Pure Maple Syrup, 33.8 oz)
  Costco: $10.99 (KS Triple Berry Frozen blend)
  Costco: $9.59 (KS Organic String Beans Frozen, Extra Fine, Whole)
  Costco: $9.99 (Org Mango 5#: Frozen Mango Chunks)
  Costco: $10.49 (Kirkland Signature Mild Italian Sausage, 56 oz, 14 links per package)
  Costco: $14.39 (KS Frozen Pepperoni Pizzas)
  Costco: $6.69 (KS Salt Grinder and replacement salt container)
  Costco: $7.79 (Mandarins)
  Costco: $41.27 (bones and ococnut water and pistachios)
  Costco: $18.49 (Shrimp Tempura frozen 30 count)
  Costco: $6.39 (Mandarin Oranges)
  Costco: $9.99 (Boursin 2 x Garlic and Fine herbs (5.3 oz), 1 x Shallot and Chive (5.3 oz))
  Costco: $9.59 (Dave's Killer Gread: 21 Whole Grains and Seeds x 2 loaves)
  Costco: $18.49 (Kirkland Tempura Shrimp 30 count)
  Costco: $12.69 (Kirkland Signature Oven Roasted Turkey Breast, Sliced, 14 oz, 3 ct)
  Costco: $22.99 (Marianne's Harvest Brands Avocado Oil made from 100% avocados)
  Costco: $8.79 (Peanuts, in shell and not fried in oil)
  Costco: $10.99 (Lemon and Herb Sauce)
  Costco: $9.99 (Organic Mango 5# FROZEN 80 oz)
  Costco: $14.73 (INTEREST CHARGED TO STANDARD PURCHASES)
  Costco: $18.49 (Kirkland shrimp tempura 30 count)
  Costco: $8.29 (2 10.5 kirkland goat cheese logs )
  Costco: $11.99 (Kirkland Signature, Organic Tomato Sauce, 15 oz, 12-Count)
  Costco: $10.99 (KS organic dried cherries (sugared and in canola oil))
  Costco: $10.89 (Shrimp frozen 31/40, de shelled and de veined, raw)
  Costco: $12.39 (Thai Banana Fried Royal Asia in Coconut and sesame seed Batter; with coconut cream sauce and caramel honey sauce)
  Costco: $23.83 (BNLS/SL BRST chicken breasts Kirkland @$2.99/lb)
  Costco: $15.99 (Crazy Cuizine Mandarin Orange Chicken)
  Costco: $9.99 (Frozen Organic Mango Chunks)
  Costco: $5.29 (Organic Carrots)
  Costco: $11.99 (Kirkland Organic Tomato Sauce 12 - 15oz cans)
  Costco: $10.99 (KS Green Tea Sachets: Sencha and Matcha, 100 cnt 0.05 oz bags)
  Costco: $9.59 (KS Organic Frozen Green Bean)
  Costco: $7.99 (Bagels: French Toast and Plain, 6 each)
  Safeway: $3.59 (Signature Select Peas & Carrots 32 Oz)
  Safeway: $63.92 (Cleancult Lemon Verbena Hand Soap Refill 32fz x 8 cartons)
  Safeway: $15.99 (Native Deodorant Apdo Sticks Sweet Peach And Necter)
  Safeway: $2.69 (Signature Select Baby Peeled Carrots 2lb)
  Safeway: $11.79 (Taxes and Fees)
  Safeway: $5.97 (3x Signature Select Green Peas Steam in Bag - 12 Oz)
  Safeway: $1.99 (Signature Select Carrots Crinkle Cut Steam in Bag - 12 OZ)
  Safeway: $12.98 (2@ Land o lakes half sticks 8 cnt)
  Safeway: $3.98 (TWO Signature Select Green Peas Steam in Bag - 12 Oz)
  Safeway: $3.99 (Sig Peas and Carrots)
  Safeway: $1.99 (Signature Select Okra Cut and Frozen )
  Safeway: $37.92 (Mom and Bella for dinner tonight)
  Safeway: $17.5 (salmon and toothpaste)
  Safeway: $2.69 (Signature Select/farms Baby Peeled Carrots 2lb)
  Safeway: $3.99 (Signature Select Green Peas Frozen)
  Safeway: $1.99 (Signature Select Crinkle Cut Carrots Frozen)
  Safeway: $12.98 (2 @ Land O Lakes Salted Butter in Half Sticks Pack - 8 - 1 Lb)
  Safeway: $1.39 (Signature Baby Carrots 1 lb)
  Safeway: $0.95 (Signature Select/Farms Baby Peeled Carrots)
  Safeway: $4.99 (Goodles Vegan Be Heroes Plant Based Gluten Free Mac And Cheese, 6 Oz.)
  Safeway: $3.79 (C&W Petite Frozen Peas)
  Safeway: $4.99 (Pepperidge Farm Puff Pastry Frozen Shells Pastry Dough - 10 Oz)
  Safeway: $1.69 (Signature Select/Farms Baby-Cut Peeled Carrots - 16 Oz)
  Safeway: $6.99 (SO Delicious Frozen Chocolate Cookies and Cream Cashew Milk)
  Safeway: $7.49 (Breyers Snickers Frozen Dairy Dessert)
  Safeway: $1.69 (Singature Select Baby Carrots Washed and peeled)
  Safeway: $3.29 (Sig Bean Soup Mix: Baby Lima Beans, Green Split Peas, Lentils, Navy Beans, Great Northern Beans, Large Lima Beans, Blackeyed Peas, Black Beans, Light Red Kidney Beans, Pink Beans, Pinto Beans, Small Red Beans, Yellow Split Peas, Whole Green Peas, Garbanzo Beans, Small White Beans, Cranberry Beans)
  Safeway: $7.49 (Breyers Butter Pecan Frozen Dairy Dessert - 48 Oz)
  H-Mart: $0.98 (GF Whole Carrots bag)
  H-Mart: $4.49 (B8 Panda Shrimp Netted Spring Rolls 12 count)
  H-Mart: $13.99 (HF Frozen Roasted Eel)
  Walmart: $2.48 (Great Value Frozen Sweet Peas, 32 oz Bag, No Added Sugars 7.8¢/oz)
  Walmart: $1.37 (Fresh Produce, Baby Peeled Carrots, 1lb Bag 7.3¢/oz)
  Walmart: $13.88 ((2 pack) FRAM Motorcycle/ATV Oil Filter, PH6017A for Select Harley-Davidson, Honda, Indian, Yamaha, Polaris, Triumph and Victory Models
Multipack Quantity: 2 $6.94/ea)
  Walmart: $4.92 (Snickers Fun Size Chocolate Candy Bars - 10.59 oz Bag; Product Line: Snickers; Size: 10.59 oz; 46.4¢/oz)
  Walmart: $5.48 (Reese's Take 5 Pretzel, Peanut and Chocolate Snack Size Candy, Bag 10.5 oz; 52.2¢/oz)
  Walmart: $7.82 (Great Value Blueberries, 48 oz (Frozen) 16.3¢/oz)
  Walmart: $1.24 (M&M's Peanut Milk Chocolate Candy Theater Box - 3.1 oz Box
Size: 3.1 oz 40.0¢/oz)
  Walmart: $1.92 (Great Value Zucchini Blend, 10 oz (Frozen) 19.2¢/oz)
  Walmart: $0.98 (Great Value Frozen Peas & Carrots, Gluten-Free, 12 oz Steamable Bag 8.2¢/oz)
  Walmart: $6.22 (85% Lean/15% Fat Ground Beef, 1lb Roll, Frozen $6.22/lb)
  Walmart: $0.83 (Fresh Green and Vibrant Cilantro, Bunch 20.8¢/oz)
  Walmart: $12.97 (Native Deodorant, Aluminum Free, Eucalyptus & Mint, for Women and Men, 2.65 oz $4.80/oz)
  Walmart: $12.97 (Native Deodorant, Aluminum Free, Sea Salt & Cedar, for Women and Men, 2.65 oz
$4.80/oz)
  Walmart: $0.78 (Great Value No Salt Added Green Peas, 15 oz 5.5¢/oz)
  Walmart: $9.48 (Enfamil Poly-Vi-Sol Liquid Multivitamin Supplement and Iron for Infants and Toddlers 50 mL dropper bottle)
  Walmart: $1.24 (Mike and Ike Original Fruits Candy, 4.25 Ounce Theater Box, 1 Count)
  Walmart: $1.46 (Great Value Chick Peas Garbanzos, 1 lb)
  Walmart: $9.96 (Tom’s of Maine Antiplaque and Whitening Fluoride Free Toothpaste, Peppermint, 2 Pack, 4.5 Oz)
  Walmart: $0.28 (Tax and regulatory fees)
  Walmart: $2.28 (Great Value Sweet Peas, 32 oz Bag (Frozen) 7.1¢/oz)
  Walmart: $2.4 (Organic Fresh Whole Carrots, 2 lb Bag 7.5¢/oz)
  Walmart: $3.94 (Grandma's Original Molasses, Unsulphured, 12 fl oz Jar; 32.8¢/fl oz)
  Walmart: $2.28 (La Banderita Yellow Corn Tortilla 30 Count 9.1¢/oz)
  Walmart: $1.32 (Baby Peeled Carrots, 1 lb 8.3¢/oz)
  Walmart: $3.76 (Great Value Frozen Blackberries, 16 oz 23.5¢/oz)
  Walmart: $3.52 (Great Value Frozen Whole Berry Medley, 16 oz 22.0¢/oz)
  Walmart: $11.99 (FRAM Motorcycle/ATV Oil Filter, PH6017A for Select Harley-Davidson, Honda, Indian, Yamaha, Polaris, Triumph and Victory Models)
  Walmart: $0.29 (Estimated Regulatory fees and taxes)
  Walmart: $9.92 (AZO Urinary Tract Infection (UTI) At-Home Test Strips, Clinically Tested, Clean Grip Handle, 3 Count)
  Walmart: $74.34 (See receipt for details; did not get size of most items recorded; mostly a run for NC tioletries and ingredients for sausage kale soup)
  → BEST: H-Mart at $0.98

Grapefruit:
  Costco: $5.29 (Grapefruit, 6 count)
  Safeway: $3.21 (Grapefruit Red XLARGE @$0.99/lb)
  → BEST: Safeway at $3.21

Grapes:
  Costco: $5.89 (Red Grapes)
  Costco: $5.99 (Green Grapes Seedless Autumn Crisp)
  Costco: $5.99 (Green Seedless Grapes)
  Costco: $5.99 (Green Grapes "Sweet Globe")
  Costco: $5.99 (Green Grapes Sweet Globe Seedless)
  Costco: $6.39 (Green Grapes)
  Costco: $7.39 (Green Seedless Grapes OPPY)
  Safeway: $8.19 (Green Seedless Grapes @$3.69/lb)
  Walmart: $4.37 (Fresh Red Seedless Grapes from California, Bag (2.25 lbs/Bag Est.) Wt 2.70 lb)
  Walmart: $5.78 (Fresh Red Seedless Grapes, Bag (2.25 lbs/Bag Est.) $2.67/lb)
  → BEST: Walmart at $4.37

Grapes:
  Costco: $5.89 (Red Grapes)
  Costco: $5.99 (Green Grapes Seedless Autumn Crisp)
  Costco: $5.99 (Green Seedless Grapes)
  Costco: $5.99 (Green Grapes "Sweet Globe")
  Costco: $5.99 (Green Grapes Sweet Globe Seedless)
  Costco: $6.39 (Green Grapes)
  Costco: $7.39 (Green Seedless Grapes OPPY)
  Safeway: $8.19 (Green Seedless Grapes @$3.69/lb)
  Walmart: $4.37 (Fresh Red Seedless Grapes from California, Bag (2.25 lbs/Bag Est.) Wt 2.70 lb)
  Walmart: $5.78 (Fresh Red Seedless Grapes, Bag (2.25 lbs/Bag Est.) $2.67/lb)
  → BEST: Walmart at $4.37

Grapes:
  Costco: $5.89 (Red Grapes)
  Costco: $5.99 (Green Grapes Seedless Autumn Crisp)
  Costco: $5.99 (Green Seedless Grapes)
  Costco: $5.99 (Green Grapes "Sweet Globe")
  Costco: $5.99 (Green Grapes Sweet Globe Seedless)
  Costco: $6.39 (Green Grapes)
  Costco: $7.39 (Green Seedless Grapes OPPY)
  Safeway: $8.19 (Green Seedless Grapes @$3.69/lb)
  Walmart: $4.37 (Fresh Red Seedless Grapes from California, Bag (2.25 lbs/Bag Est.) Wt 2.70 lb)
  Walmart: $5.78 (Fresh Red Seedless Grapes, Bag (2.25 lbs/Bag Est.) $2.67/lb)
  → BEST: Walmart at $4.37

green beans :
  Costco: $9.99 (Kirkland Signature Organic Green Beans, Extra Fine, 5 lbs)
  Costco: $34.99 (Zena Greens)
  Costco: $12.99 (32D Tee Women Medium Green/Gray)
  Costco: $5.99 (Green Grapes Seedless Autumn Crisp)
  Costco: $5.99 (Green Seedless Grapes)
  Costco: $5.99 (Green Grapes "Sweet Globe")
  Costco: $5.99 (Green Grapes Sweet Globe Seedless)
  Costco: $9.59 (KS Organic String Beans Frozen, Extra Fine, Whole)
  Costco: $8.79 (505 Southwestern Flame Roasted Hatch Valley Green Chile Medium Spice)
  Costco: $6.39 (Green Grapes)
  Costco: $7.39 (Green Seedless Grapes OPPY)
  Costco: $10.99 (KS Green Tea Sachets: Sencha and Matcha, 100 cnt 0.05 oz bags)
  Costco: $9.59 (KS Organic Frozen Green Bean)
  Safeway: $8.37 (Green Kale Bunch Organic)
  Safeway: $1.58 (Signature Select Beans Pearl Barley Dry 16 Ounce)
  Safeway: $5.97 (3x Signature Select Green Peas Steam in Bag - 12 Oz)
  Safeway: $3.58 (Green Kale, 2 bunches)
  Safeway: $2.91 (Green Zucchini Squash @ $1.69/lb)
  Safeway: $3.98 (TWO Signature Select Green Peas Steam in Bag - 12 Oz)
  Safeway: $2.19 (Signature Select Dry Black Beans)
  Safeway: $1.97 (Signature Select Red Kidney Beans Dry 16 Ounce)
  Safeway: $3.99 (Signature Select Green Peas Frozen)
  Safeway: $3.75 (Cabbage Green @$0.88/lb)
  Safeway: $1.15 (Bell Peppers Green)
  Safeway: $1.22 (Green Bell Pepper)
  Safeway: $2.29 (O Organic Black Beans No Added Salt)
  Safeway: $1.59 (Rosita Refried Beans, 30% less sodium)
  Safeway: $0.99 (Green Bell Pepper 1 cnt)
  Safeway: $0.99 (Signature Select Kidney Beans)
  Safeway: $0.99 (Signature Select Cannellini Beans)
  Safeway: $3.29 (Sig Bean Soup Mix: Baby Lima Beans, Green Split Peas, Lentils, Navy Beans, Great Northern Beans, Large Lima Beans, Blackeyed Peas, Black Beans, Light Red Kidney Beans, Pink Beans, Pinto Beans, Small Red Beans, Yellow Split Peas, Whole Green Peas, Garbanzo Beans, Small White Beans, Cranberry Beans)
  Safeway: $7.16 (4 cans of Kuners White Beans Kuners Beans Cannellini - 15 Oz)
  Safeway: $8.19 (Green Seedless Grapes @$3.69/lb)
  H-Mart: $0.79 (Green Bean USA/MEX @$1.28/lb)
  H-Mart: $0.16 (Japaeno Green Pepper USA/MEXICO @$0.98/lb)
  H-Mart: $3.1 (Green Bell Pepper USA/MEXICO @$1.78/lb)
  H-Mart: $0.55 (Green Onion MEXICO @$0.55/bunch)
  H-Mart: $5.99 (LT Choco Pie Green Tea 28grams x 12)
  H-Mart: $0.6 (Green Bell Pepper USA/Mexico @$1.28/lb)
  H-Mart: $0.55 (Green Onion Bunch )
  H-Mart: $3.53 (Green Bell Pepper USA/MEXICO @$2.99/lb)
  H-Mart: $3.29 (MP Green Curry Paste Tub)
  Walmart: $1.07 (Fresh Curly Parsley Bunch, Each (but actually he got mustard greens))
  Walmart: $1.48 (Fresh Green Kale Bunch, Each)
  Walmart: $2.16 (Green Bell Pepper, 1 each 72.0¢/ea)
  Walmart: $0.83 (Fresh Green and Vibrant Cilantro, Bunch 20.8¢/oz)
  Walmart: $0.78 (Great Value No Salt Added Green Peas, 15 oz 5.5¢/oz)
  Walmart: $0.92 (Great Value, No Salt Added, Canned Black Beans, 15 oz Can Multipack Quantity: 1 6.1¢/oz)
  Walmart: $0.92 (Great Value Cannellini Beans, 15.5 oz 5.9¢/oz)
  Walmart: $0.92 (Great Value, No Salt Added, Canned Black Beans, 15 oz Can 6.1¢/oz)
  Walmart: $2.88 (Organic Marketside Fresh Bagged Green Kale, 1 lb Bag 18.0¢/oz)
  Walmart: $0.62 (Green Bell Pepper, 1 each 62.0¢/ea Qty 1)
  Walmart: $1.24 (Fresh Green Bell Pepper)
  → BEST: H-Mart at $0.79

ground turkey:
  Costco: $24.99 (Ground Turkey, 4 packs of 1.7lb)
  Costco: $13.99 (KS Sliced Turkey, 2 pack (new packaging?) x 20 oz)
  Costco: $13.99 (KS Roasted Turkey 3 x 14 oz packets)
  Costco: $12.69 (KS Sliced Oven Roasted Turkey Breast 98% fat free 3 pack)
  Costco: $12.69 (Kirkland Signature Oven Roasted Turkey Breast, Sliced, 14 oz, 3 ct)
  Costco: $27.79 (Beef Chubs: Lean Ground Beef 5 x 1lb packges, 91% lean, 9% fat)
  Safeway: $8.99 (Jennie-o Ground Turkey 85% Lean 15% Fat)
  Safeway: $5.99 (BADIA Ground Cumin)
  Safeway: $4.89 (Jennie-o Turkey Store 90% Lean Ground Turkey Chub 10% Fat)
  Walmart: $4.36 (Great Value Ground Cayenne Red Pepper, 5.2 oz 83.8¢/oz)
  Walmart: $6.22 (85% Lean/15% Fat Ground Beef, 1lb Roll, Frozen $6.22/lb)
  Walmart: $3.54 (Great Value Organic Ground Cold Milled Flax Seed, 16 oz (453g) – USDA Certified, Allergen-Free 2.1¢/oz)
  Walmart: $4.37 (Marketside Mild Ground Italian Sausage, Pork, 1lb (Fresh); $4.37/lb)
  Walmart: $6.76 (Great Value Organic Ground Flax Seed, 32 oz (907g) – USDA Certified, Allergen-Free, High Fiber)
  Walmart: $2.37 (Great Value Ground Mustard, 1.5 oz $1.58/oz)
  Walmart: $5.43 (Great Value Cloves Ground Organic $3.02/oz)
  Walmart: $5.46 (Great Value Cardamom Ground Organic, 1 Count $3.03/oz)
  Walmart: $2.46 (Great Value Ground Nutmeg, 1.5 oz $1.64/oz)
  Walmart: $1.97 (KOOPS' Mustard, Stone Ground Mustard, 12 oz 16.4¢/oz)
  Walmart: $2.27 (KOOPS' Mustard, Stone Ground Mustard, 12 oz 18.9¢/oz)
  → BEST: Walmart at $4.36

ground turkey:
  Costco: $24.99 (Ground Turkey, 4 packs of 1.7lb)
  Costco: $13.99 (KS Sliced Turkey, 2 pack (new packaging?) x 20 oz)
  Costco: $13.99 (KS Roasted Turkey 3 x 14 oz packets)
  Costco: $12.69 (KS Sliced Oven Roasted Turkey Breast 98% fat free 3 pack)
  Costco: $12.69 (Kirkland Signature Oven Roasted Turkey Breast, Sliced, 14 oz, 3 ct)
  Costco: $27.79 (Beef Chubs: Lean Ground Beef 5 x 1lb packges, 91% lean, 9% fat)
  Safeway: $8.99 (Jennie-o Ground Turkey 85% Lean 15% Fat)
  Safeway: $5.99 (BADIA Ground Cumin)
  Safeway: $4.89 (Jennie-o Turkey Store 90% Lean Ground Turkey Chub 10% Fat)
  Walmart: $4.36 (Great Value Ground Cayenne Red Pepper, 5.2 oz 83.8¢/oz)
  Walmart: $6.22 (85% Lean/15% Fat Ground Beef, 1lb Roll, Frozen $6.22/lb)
  Walmart: $3.54 (Great Value Organic Ground Cold Milled Flax Seed, 16 oz (453g) – USDA Certified, Allergen-Free 2.1¢/oz)
  Walmart: $4.37 (Marketside Mild Ground Italian Sausage, Pork, 1lb (Fresh); $4.37/lb)
  Walmart: $6.76 (Great Value Organic Ground Flax Seed, 32 oz (907g) – USDA Certified, Allergen-Free, High Fiber)
  Walmart: $2.37 (Great Value Ground Mustard, 1.5 oz $1.58/oz)
  Walmart: $5.43 (Great Value Cloves Ground Organic $3.02/oz)
  Walmart: $5.46 (Great Value Cardamom Ground Organic, 1 Count $3.03/oz)
  Walmart: $2.46 (Great Value Ground Nutmeg, 1.5 oz $1.64/oz)
  Walmart: $1.97 (KOOPS' Mustard, Stone Ground Mustard, 12 oz 16.4¢/oz)
  Walmart: $2.27 (KOOPS' Mustard, Stone Ground Mustard, 12 oz 18.9¢/oz)
  → BEST: Walmart at $4.36

Kale:
  Safeway: $8.37 (Green Kale Bunch Organic)
  Safeway: $6.29 (O Organics Kale)
  Safeway: $3.58 (Green Kale, 2 bunches)
  Safeway: $3.49 (Signature Kale Pre Chopped)
  Safeway: $3.49 (Sig Kale Chopped)
  Walmart: $1.48 (Fresh Green Kale Bunch, Each)
  Walmart: $2.88 (Organic Marketside Fresh Bagged Green Kale, 1 lb Bag 18.0¢/oz)
  Walmart: $74.34 (See receipt for details; did not get size of most items recorded; mostly a run for NC tioletries and ingredients for sausage kale soup)
  → BEST: Walmart at $1.48

Kale:
  Safeway: $8.37 (Green Kale Bunch Organic)
  Safeway: $6.29 (O Organics Kale)
  Safeway: $3.58 (Green Kale, 2 bunches)
  Safeway: $3.49 (Signature Kale Pre Chopped)
  Safeway: $3.49 (Sig Kale Chopped)
  Walmart: $1.48 (Fresh Green Kale Bunch, Each)
  Walmart: $2.88 (Organic Marketside Fresh Bagged Green Kale, 1 lb Bag 18.0¢/oz)
  Walmart: $74.34 (See receipt for details; did not get size of most items recorded; mostly a run for NC tioletries and ingredients for sausage kale soup)
  → BEST: Walmart at $1.48

Kale:
  Safeway: $8.37 (Green Kale Bunch Organic)
  Safeway: $6.29 (O Organics Kale)
  Safeway: $3.58 (Green Kale, 2 bunches)
  Safeway: $3.49 (Signature Kale Pre Chopped)
  Safeway: $3.49 (Sig Kale Chopped)
  Walmart: $1.48 (Fresh Green Kale Bunch, Each)
  Walmart: $2.88 (Organic Marketside Fresh Bagged Green Kale, 1 lb Bag 18.0¢/oz)
  Walmart: $74.34 (See receipt for details; did not get size of most items recorded; mostly a run for NC tioletries and ingredients for sausage kale soup)
  → BEST: Walmart at $1.48

Kimchi:
  Costco: $11.99 (Cucumber Kimchi)
  Costco: $7.99 (Kimchi Jongga)
  H-Mart: $6.48 (LLF SlicedNApaKimchi)
  → BEST: H-Mart at $6.48

Lemon:
  Costco: $12.49 (Lemon Ricotta Cheesecake Cups 6 count x 4oz each -- Sweet Craft Dolceria)
  Costco: $10.99 (Lemon and Herb Sauce)
  Safeway: $1.69 (Sicilia Organic Lemon Juice)
  Safeway: $3.47 (Talenti Dairy-free Sorbetto Zesty Lemon 1 Pint)
  Safeway: $63.92 (Cleancult Lemon Verbena Hand Soap Refill 32fz x 8 cartons)
  Safeway: $0.76 (Extra Large Lemon)
  Safeway: $6.99 (Haagen Dazs Sweet lemon coconut sorbet)
  Safeway: $2.49 (Noosa Yoghurt Lemon)
  H-Mart: $3.79 (DF Lemongrass powder)
  H-Mart: $1.5 (Lemon Grass USA @$4.99/lb)
  H-Mart: $1.1 (Lemons @$0.55/each)
  Walmart: $1.74 (Bulk Lemons, 3 for 0.58/each)
  Walmart: $3.08 (Great Value Lemon 100% Juice, 32 fl oz 9.6¢/fl oz)
  Walmart: $13.74 ((2 pack) Seventh Generation Dishwasher Detergent Gel, Lemon Scent, 42 oz)
  Walmart: $0.58 (Fresh Lemon, each)
  Walmart: $2.97 (Great Value Lemon 100% Juice, 32 fl oz)
  → BEST: Safeway at $1.69

Lemon Juice:
  Costco: $10.99 (Del Monte Fruit Cups in 100% Juice (diced Peaches / Mixed Fruit) x 20 cups x 4 oz)
  Costco: $12.49 (Lemon Ricotta Cheesecake Cups 6 count x 4oz each -- Sweet Craft Dolceria)
  Costco: $10.99 (Lemon and Herb Sauce)
  Safeway: $1.69 (Sicilia Organic Lemon Juice)
  Safeway: $3.47 (Talenti Dairy-free Sorbetto Zesty Lemon 1 Pint)
  Safeway: $63.92 (Cleancult Lemon Verbena Hand Soap Refill 32fz x 8 cartons)
  Safeway: $8.99 (R.W. Knudsen Family Just Cranberry Juice - 32 Fl. Oz.)
  Safeway: $0.76 (Extra Large Lemon)
  Safeway: $6.99 (Haagen Dazs Sweet lemon coconut sorbet)
  Safeway: $2.99 (Dole Pineapple Crushed in 100% Pineapple Juice - 20 Oz)
  Safeway: $2.49 (Signature SELECT Peaches Sliced in 100% Juice - 15 Oz)
  Safeway: $2.49 (Signature SELECT Fruit Cocktail in 100% Juice Can - 15 Oz)
  Safeway: $2.49 (Signature SELECT Pear Slices Bartlett in 100% Pear Juice - 15 Oz)
  Safeway: $2.49 (Noosa Yoghurt Lemon)
  H-Mart: $3.79 (DF Lemongrass powder)
  H-Mart: $1.5 (Lemon Grass USA @$4.99/lb)
  H-Mart: $1.1 (Lemons @$0.55/each)
  Walmart: $1.74 (Bulk Lemons, 3 for 0.58/each)
  Walmart: $3.08 (Great Value Lemon 100% Juice, 32 fl oz 9.6¢/fl oz)
  Walmart: $13.74 ((2 pack) Seventh Generation Dishwasher Detergent Gel, Lemon Scent, 42 oz)
  Walmart: $0.58 (Fresh Lemon, each)
  Walmart: $2.97 (Great Value Lemon 100% Juice, 32 fl oz)
  Walmart: $2.78 (Great Value Sliced Peaches in Juice, 29 oz)
  Walmart: $1.66 (Great Value Fruit Cocktail in Juice, 15 oz)
  Walmart: $5.12 (Antioxidant Solutions 100% Tart Cherry Juice not from Concentrate, 32 fl oz.)
  → BEST: Safeway at $1.69

Lime:
  Safeway: $8.99 (Cravings Cake Mix Heavenly Coconut Key Lime 18oz, Krissy Teagan)
  H-Mart: $0.2 (Lime USA/MEXICO @$0.20/each)
  H-Mart: $1 (Lime USA/MEXICO @$0.34/each)
  H-Mart: $0.35 (Lime @$0.35/cnt)
  → BEST: H-Mart at $0.2

Meat Stock:
  Safeway: $12.98 (2@ Imagine Brother Chicken Stock, 32 fl oz each)
  → BEST: Safeway at $12.98

Panko:
  Safeway: $2.21 (Signature Select Bread Crumb Panko Regular 8 Ounce)
  → BEST: Safeway at $2.21

Parmesan:
  → No historical data found

Parsley:
  H-Mart: $0.99 (Curly Parsley USA @$0.99/bunch)
  Walmart: $1.07 (Fresh Curly Parsley Bunch, Each (but actually he got mustard greens))
  Walmart: $2.14 (Fresh Italian Parsley Bunch, Each $1.07/ea Qty 2)
  Walmart: $1.07 (Fresh Italian Parsley Bunch, Each)
  → BEST: H-Mart at $0.99

Parsley:
  H-Mart: $0.99 (Curly Parsley USA @$0.99/bunch)
  Walmart: $1.07 (Fresh Curly Parsley Bunch, Each (but actually he got mustard greens))
  Walmart: $2.14 (Fresh Italian Parsley Bunch, Each $1.07/ea Qty 2)
  Walmart: $1.07 (Fresh Italian Parsley Bunch, Each)
  → BEST: H-Mart at $0.99

peanut butter:
  Costco: $5.99 (Butter Croissants 12 count)
  Costco: $13.99 (Belgian Butters Butter Waffle Trio, 21.16 oz: "All butter, double chocolate, dark chocolate")
  Costco: $9.99 (KS PB Pretzels peanut butter)
  Costco: $5.99 (Butter Croissants, 12 count)
  Costco: $9.49 (Naturally More Creamy Peanut Butter 2 x 1.75lb tubs)
  Costco: $9.69 (La Grande Galette French Butter Cookies with Sea Salt)
  Costco: $8.79 (Peanuts, in shell and not fried in oil)
  Costco: $9.99 (KS Peanut Butter)
  Costco: $12.89 (Cracker Roll Collection Kellogg 13 stacks: Toasteds Buttercrisp(2), Toasteds Whole Wheat (2); Club Original (4); Townhouse Original (5))
  Safeway: $4.88 (Organic Butternut Squash)
  Safeway: $6.38 (Butternut Squash @$1.49/lb)
  Safeway: $6.49 (Talenti Gelato Butter Pecan)
  Safeway: $3.33 (Sig Select Ice Cream Butter Pecan)
  Safeway: $12.98 (2 @ Land O Lakes Salted Butter in Half Sticks Pack - 8 - 1 Lb)
  Safeway: $4.99 (Signature Select Ice Cream Butter Pecan)
  Safeway: $3.29 (REESE'S Peanut Butter Cups & Peanut Butter Swirl Ice Cream - 48 Oz )
  Safeway: $4.99 (Signature select naan flat, original buttermilk(4) )
  Safeway: $7.49 (Breyers Butter Pecan Frozen Dairy Dessert - 48 Oz)
  Walmart: $5.48 (Reese's Take 5 Pretzel, Peanut and Chocolate Snack Size Candy, Bag 10.5 oz; 52.2¢/oz)
  Walmart: $1.24 (M&M's Peanut Milk Chocolate Candy Theater Box - 3.1 oz Box
Size: 3.1 oz 40.0¢/oz)
  Walmart: $3.56 (Bobo's Oat Bites, Peanut Butter Chocolate Chip, 5 Pack of 1.3 oz bars)
  Walmart: $3.48 (Great Value Sweet Cream Salted Butter, 16 oz Box, 4 Sticks 21.8¢/oz)
  Walmart: $4.93 (Butternut Squash, each $1.54/lb)
  → BEST: Safeway at $4.88

pearl barley:
  Safeway: $4.29 (Bobs Red Mill Pearl Barley)
  Safeway: $1.58 (Signature Select Beans Pearl Barley Dry 16 Ounce)
  → BEST: Safeway at $4.29

pearl barley:
  Safeway: $4.29 (Bobs Red Mill Pearl Barley)
  Safeway: $1.58 (Signature Select Beans Pearl Barley Dry 16 Ounce)
  → BEST: Safeway at $4.29

Pistachio:
  Costco: $1.97 (Bakaji: Sadabahar Soanpapdi "Ethnic flaky sweet with pistachios and almonds, cereal based sweet")
  Costco: $41.27 (bones and ococnut water and pistachios)
  Costco: $15.99 (Pistachios peeled)
  → BEST: Costco at $1.97

Pomegranate:
  Costco: $8.99 (POM Pomegranate Arils, 4 containers)
  Safeway: $2.99 (Pomegranates)
  → BEST: Safeway at $2.99

Purple Potato:
  Costco: $5.99 (Duo Gourmet Creamer Potato, 5 lbs)
  Costco: $3.99 (Sweet Potato)
  Costco: $6.29 (Organic Gourmet Medley Potatoes, 5 lbs)
  Costco: $6.69 (Yukon Gold Potatoes)
  Costco: $8.29 (Potatoes Russet)
  Costco: $4.99 (Baker's Russet Potatoes)
  Costco: $8.99 (Organic Sweet Potato)
  Costco: $6.99 (Golden Yukon Potatoes)
  Costco: $8.99 (Organic Sweet Potato 5lb bag (not 8; interesting))
  Costco: $4.99 (Baker's Potato Russet Bag)
  Costco: $8.99 (Organic Sweet Potato 8lb bag)
  Costco: $4.89 (10lb Bakers Russet Potatoes)
  Safeway: $1.62 (Golden Sweet Potato/Yam With Orange Skin & Orange Flesh @ $2.19/lb)
  Safeway: $6.46 (THREE Golden Sweet Potato/Yam With Orange Skin & Orange Flesh)
  H-Mart: $3.71 (Purple Potato USA @$2.49/lb)
  Walmart: $5.98 (Fresh Organic Sweet Potatoes, 3 lb Bag)
  Walmart: $4.98 (Sweet Potatoes Whole Fresh, 3 lb Bag $1.66/lb)
  Walmart: $1.33 (Sweet Potatoes Whole Fresh, Each (Batata Mameya) $1.38/lb)
  Walmart: $5.21 (Sweet Potatoes Whole Fresh, Each (Batata Mameya) Wt 2.77 lb -- 4 count)
  Walmart: $4.98 (Cape Cod Potato Chips, Sea Salt & Vinegar Kettle Chips, 13 oz 38.3¢/oz)
  → BEST: Safeway at $1.62

Riced Cauliflower:
  → No historical data found

Sourdough Bread:
  Costco: $8.99 (Sliced Sourdough Izzio, 2 loaves)
  Costco: $8.99 (Sliced Sourdough (Heather Blahut recommendation))
  Costco: $5.99 (Rustic Italian Loaf Bread KS)
  Costco: $5.99 (Rustic Italian Loaf of Bread)
  Costco: $8.99 (King Arthur Bread Flour)
  Costco: $8.99 (Dave's Killer Bread 21 whole grains, 2 loaves)
  Costco: $9.39 (Dave's Thin Seeded Bread "Good Seed")
  Safeway: $4.99 (Pep Farm Bread Seedless Rye)
  Safeway: $5.49 (Rustik Oven Sourdough Bread Sliced)
  Safeway: $2.21 (Signature Select Bread Crumb Panko Regular 8 Ounce)
  Safeway: $2.49 (Signature Select Sourdough Bread)
  Safeway: $4.49 (Signature Select Artisan Bread Garlic Loaf)
  Walmart: $3.83 (Papa Pita Whole Wheat Flat Bread, 6 Count, Shelf-Stable)
  Walmart: $1.42 (Great Value White Round Top Bread Loaf, 20 oz 7.1¢/oz)
  Walmart: $16.74 ((3 pack) King Arthur, Unbleached Bread Flour, Non-GMO Project Verified, Certified Kosher, No Preservatives, 5 lbs)
  Walmart: $5.58 (King Arthur, Unbleached Bread Flour, Non-GMO Project Verified, Certified Kosher, No Preservatives, 5 lbs)
  Walmart: $5.58 (King Arthur, Unbleached Bread Flour, Non-GMO Project Verified, Certified Kosher, No Preservatives, 5 lbs; 7.0¢/oz)
  → BEST: Walmart at $3.83

Sourdough Bread:
  Costco: $8.99 (Sliced Sourdough Izzio, 2 loaves)
  Costco: $8.99 (Sliced Sourdough (Heather Blahut recommendation))
  Costco: $5.99 (Rustic Italian Loaf Bread KS)
  Costco: $5.99 (Rustic Italian Loaf of Bread)
  Costco: $8.99 (King Arthur Bread Flour)
  Costco: $8.99 (Dave's Killer Bread 21 whole grains, 2 loaves)
  Costco: $9.39 (Dave's Thin Seeded Bread "Good Seed")
  Safeway: $4.99 (Pep Farm Bread Seedless Rye)
  Safeway: $5.49 (Rustik Oven Sourdough Bread Sliced)
  Safeway: $2.21 (Signature Select Bread Crumb Panko Regular 8 Ounce)
  Safeway: $2.49 (Signature Select Sourdough Bread)
  Safeway: $4.49 (Signature Select Artisan Bread Garlic Loaf)
  Walmart: $3.83 (Papa Pita Whole Wheat Flat Bread, 6 Count, Shelf-Stable)
  Walmart: $1.42 (Great Value White Round Top Bread Loaf, 20 oz 7.1¢/oz)
  Walmart: $16.74 ((3 pack) King Arthur, Unbleached Bread Flour, Non-GMO Project Verified, Certified Kosher, No Preservatives, 5 lbs)
  Walmart: $5.58 (King Arthur, Unbleached Bread Flour, Non-GMO Project Verified, Certified Kosher, No Preservatives, 5 lbs)
  Walmart: $5.58 (King Arthur, Unbleached Bread Flour, Non-GMO Project Verified, Certified Kosher, No Preservatives, 5 lbs; 7.0¢/oz)
  → BEST: Walmart at $3.83

Sourdough Bread:
  Costco: $8.99 (Sliced Sourdough Izzio, 2 loaves)
  Costco: $8.99 (Sliced Sourdough (Heather Blahut recommendation))
  Costco: $5.99 (Rustic Italian Loaf Bread KS)
  Costco: $5.99 (Rustic Italian Loaf of Bread)
  Costco: $8.99 (King Arthur Bread Flour)
  Costco: $8.99 (Dave's Killer Bread 21 whole grains, 2 loaves)
  Costco: $9.39 (Dave's Thin Seeded Bread "Good Seed")
  Safeway: $4.99 (Pep Farm Bread Seedless Rye)
  Safeway: $5.49 (Rustik Oven Sourdough Bread Sliced)
  Safeway: $2.21 (Signature Select Bread Crumb Panko Regular 8 Ounce)
  Safeway: $2.49 (Signature Select Sourdough Bread)
  Safeway: $4.49 (Signature Select Artisan Bread Garlic Loaf)
  Walmart: $3.83 (Papa Pita Whole Wheat Flat Bread, 6 Count, Shelf-Stable)
  Walmart: $1.42 (Great Value White Round Top Bread Loaf, 20 oz 7.1¢/oz)
  Walmart: $16.74 ((3 pack) King Arthur, Unbleached Bread Flour, Non-GMO Project Verified, Certified Kosher, No Preservatives, 5 lbs)
  Walmart: $5.58 (King Arthur, Unbleached Bread Flour, Non-GMO Project Verified, Certified Kosher, No Preservatives, 5 lbs)
  Walmart: $5.58 (King Arthur, Unbleached Bread Flour, Non-GMO Project Verified, Certified Kosher, No Preservatives, 5 lbs; 7.0¢/oz)
  → BEST: Walmart at $3.83

Sourdough Bread:
  Costco: $8.99 (Sliced Sourdough Izzio, 2 loaves)
  Costco: $8.99 (Sliced Sourdough (Heather Blahut recommendation))
  Costco: $5.99 (Rustic Italian Loaf Bread KS)
  Costco: $5.99 (Rustic Italian Loaf of Bread)
  Costco: $8.99 (King Arthur Bread Flour)
  Costco: $8.99 (Dave's Killer Bread 21 whole grains, 2 loaves)
  Costco: $9.39 (Dave's Thin Seeded Bread "Good Seed")
  Safeway: $4.99 (Pep Farm Bread Seedless Rye)
  Safeway: $5.49 (Rustik Oven Sourdough Bread Sliced)
  Safeway: $2.21 (Signature Select Bread Crumb Panko Regular 8 Ounce)
  Safeway: $2.49 (Signature Select Sourdough Bread)
  Safeway: $4.49 (Signature Select Artisan Bread Garlic Loaf)
  Walmart: $3.83 (Papa Pita Whole Wheat Flat Bread, 6 Count, Shelf-Stable)
  Walmart: $1.42 (Great Value White Round Top Bread Loaf, 20 oz 7.1¢/oz)
  Walmart: $16.74 ((3 pack) King Arthur, Unbleached Bread Flour, Non-GMO Project Verified, Certified Kosher, No Preservatives, 5 lbs)
  Walmart: $5.58 (King Arthur, Unbleached Bread Flour, Non-GMO Project Verified, Certified Kosher, No Preservatives, 5 lbs)
  Walmart: $5.58 (King Arthur, Unbleached Bread Flour, Non-GMO Project Verified, Certified Kosher, No Preservatives, 5 lbs; 7.0¢/oz)
  → BEST: Walmart at $3.83

spinach:
  Costco: $3.89 (Organic Spinach Box)
  Costco: $3.89 (ORG SPINACH)
  Costco: $3.89 (Organic Baby Spinach Box)
  Costco: $3.89 (Organic spinach box )
  Costco: $3.89 (Organic Spinach)
  → BEST: Costco at $3.89

squash:
  Costco: $7.99 (Fresh Squash)
  Costco: $7.99 (Organic squash (6 count) )
  Safeway: $4.88 (Organic Butternut Squash)
  Safeway: $2.91 (Green Zucchini Squash @ $1.69/lb)
  Safeway: $6.38 (Butternut Squash @$1.49/lb)
  H-Mart: $1.98 (Zucchini Squash USA/MEXICO @$0.98/lb)
  Walmart: $1.9 (Fresh Acorn Squash, Each $1.54/lb)
  Walmart: $1.21 (Fresh Calabacita Squash, Each Wt 0.82 lb)
  Walmart: $4.93 (Butternut Squash, each $1.54/lb)
  → BEST: Walmart at $1.9

Sweet Potato:
  Costco: $5.99 (Duo Gourmet Creamer Potato, 5 lbs)
  Costco: $3.99 (Sweet Potato)
  Costco: $1.97 (Bakaji: Sadabahar Soanpapdi "Ethnic flaky sweet with pistachios and almonds, cereal based sweet")
  Costco: $6.29 (Organic Gourmet Medley Potatoes, 5 lbs)
  Costco: $6.69 (Yukon Gold Potatoes)
  Costco: $5.99 (Green Grapes "Sweet Globe")
  Costco: $5.99 (Green Grapes Sweet Globe Seedless)
  Costco: $8.29 (Potatoes Russet)
  Costco: $12.49 (Lemon Ricotta Cheesecake Cups 6 count x 4oz each -- Sweet Craft Dolceria)
  Costco: $4.99 (Baker's Russet Potatoes)
  Costco: $5.69 (Two Sweet Melons Cantaloupes)
  Costco: $8.99 (Organic Sweet Potato)
  Costco: $12.99 (Dried Mango Unsweetened "Tropical Fields")
  Costco: $6.99 (Golden Yukon Potatoes)
  Costco: $8.99 (Organic Sweet Potato 5lb bag (not 8; interesting))
  Costco: $4.99 (Baker's Potato Russet Bag)
  Costco: $8.99 (Organic Sweet Potato 8lb bag)
  Costco: $4.89 (10lb Bakers Russet Potatoes)
  Costco: $10.99 (Organic Coconut Milk Unsweetened, Thai Kitchen 6 cans)
  Costco: $10.99 (Thai Kitchen Organic Coconut Milk Unsweetened, 6 cans)
  Safeway: $15.99 (Native Deodorant Apdo Sticks Sweet Peach And Necter)
  Safeway: $1.62 (Golden Sweet Potato/Yam With Orange Skin & Orange Flesh @ $2.19/lb)
  Safeway: $6.46 (THREE Golden Sweet Potato/Yam With Orange Skin & Orange Flesh)
  Safeway: $6.99 (Haagen Dazs Sweet lemon coconut sorbet)
  H-Mart: $3.71 (Purple Potato USA @$2.49/lb)
  H-Mart: $4.71 (Sweet Basil USA @$7.99/lb)
  H-Mart: $8.95 (Sweet Basil @$7.99/lb)
  H-Mart: $24.99 (Kyong Gi Sweet Rice)
  Walmart: $5.98 (Fresh Organic Sweet Potatoes, 3 lb Bag)
  Walmart: $2.48 (Great Value Frozen Sweet Peas, 32 oz Bag, No Added Sugars 7.8¢/oz)
  Walmart: $3.48 (Great Value Sweet Cream Salted Butter, 16 oz Box, 4 Sticks 21.8¢/oz)
  Walmart: $4.98 (Sweet Potatoes Whole Fresh, 3 lb Bag $1.66/lb)
  Walmart: $1.33 (Sweet Potatoes Whole Fresh, Each (Batata Mameya) $1.38/lb)
  Walmart: $5.21 (Sweet Potatoes Whole Fresh, Each (Batata Mameya) Wt 2.77 lb -- 4 count)
  Walmart: $0.76 (Great Value No Salt Added Golden Sweet Whole Kernel Corn, 15.25 oz 5.1¢/oz)
  Walmart: $2.28 (Great Value Sweet Peas, 32 oz Bag (Frozen) 7.1¢/oz)
  Walmart: $4.98 (Cape Cod Potato Chips, Sea Salt & Vinegar Kettle Chips, 13 oz 38.3¢/oz)
  Walmart: $2.93 (Great Value Organic Unsweetened Coconut Flakes, 7 oz (198g); 41.9¢/oz)
  → BEST: H-Mart at $3.71

Tomato:
  Costco: $5.99 (Cocktail Tomato)
  Costco: $12.99 (KS Tomato Sauce)
  Costco: $6.99 (Roma Tomatos)
  Costco: $6.59 (Tomato Multi-Colored Medley)
  Costco: $6.59 (Cherry Tomato Medley)
  Costco: $5.39 (Grape Tomatos)
  Costco: $5.99 (Tomato Medley Colored)
  Costco: $6.39 (Vine Tomato)
  Costco: $5.99 (Multi-color tomato medley, mexico)
  Costco: $5.99 (Tomato Medley Cherry tomatos)
  Costco: $5.39 (Grape tomatoes concerto)
  Costco: $5.29 (Campari Cocktail Tomatoes)
  Costco: $5.89 (Grape tomatoes)
  Costco: $11.99 (Kirkland Signature, Organic Tomato Sauce, 15 oz, 12-Count)
  Costco: $11.99 (Kirkland Organic Tomato Sauce 12 - 15oz cans)
  Costco: $6.46 (Vine Tomatos 14 count)
  Safeway: $1.29 ("Item Name Not Found" tomato paste?)
  Safeway: $1.2 (Red Roma Tomatoes @$1.69/lb)
  Safeway: $4.17 (Signature Select Diced Tomatoes With Peppers Celery & Onions 14.5 Ounce, 3 Cans)
  Safeway: $1.99 (Signature Select Petite Diced Tomatoes 28 Ounce)
  Safeway: $5.56 (FOUR Signature SELECT Stewed Mexican Style Tomatoes - 14.5 Oz)
  Safeway: $1.78 (2 x Signature Select Stewed Mexican Tomatoes 14.5 Ounce)
  H-Mart: $0.7 (Roma Tomato USA/MEX @$1.08/lb)
  Walmart: $0.86 (Great Value Tomato Paste, 6 oz)
  Walmart: $2.12 (Great Value Organic Crushed Tomatoes with Basil, 28 oz; 7.6¢/oz)
  Walmart: $0.72 (Fresh Slicing Tomato, Each $1.87/lb -- 2 count)
  Walmart: $1.45 (SIX Fresh Roma Tomato, Each 97.0¢/lb)
  Walmart: $2.09 (Fresh Slicing Tomato, Each $1.98/lb -- 2 cnt)
  Walmart: $0.96 (Great Value Italian-Style Stewed Tomatoes with Basil, Garlic & Oregano, 14.5 oz 6.6¢/oz)
  Walmart: $0.96 (Great Value Sliced Stewed Tomatoes, 14.5 oz 6.6¢/oz)
  Walmart: $0.99 (Fresh Roma Tomato, Each $1.28/ea per pound)
  → BEST: H-Mart at $0.7

Tomato Paste:
  Costco: $5.99 (Cocktail Tomato)
  Costco: $12.99 (KS Tomato Sauce)
  Costco: $19.99 (Vanilla Paste)
  Costco: $6.99 (Roma Tomatos)
  Costco: $6.59 (Tomato Multi-Colored Medley)
  Costco: $6.59 (Cherry Tomato Medley)
  Costco: $5.39 (Grape Tomatos)
  Costco: $5.99 (Tomato Medley Colored)
  Costco: $6.39 (Vine Tomato)
  Costco: $5.99 (Multi-color tomato medley, mexico)
  Costco: $5.99 (Tomato Medley Cherry tomatos)
  Costco: $5.39 (Grape tomatoes concerto)
  Costco: $5.29 (Campari Cocktail Tomatoes)
  Costco: $5.89 (Grape tomatoes)
  Costco: $11.99 (Kirkland Signature, Organic Tomato Sauce, 15 oz, 12-Count)
  Costco: $11.99 (Kirkland Organic Tomato Sauce 12 - 15oz cans)
  Costco: $6.46 (Vine Tomatos 14 count)
  Safeway: $1.29 ("Item Name Not Found" tomato paste?)
  Safeway: $1.2 (Red Roma Tomatoes @$1.69/lb)
  Safeway: $10.49 (Arm&Hammer Toothpaste Dental Care Peroxicare Twin Pk, 2 x 6 oz)
  Safeway: $10.49 (Arm & Hammer Toothpaste Fluoride Anticavity Advance, 2 x 6oz)
  Safeway: $4.17 (Signature Select Diced Tomatoes With Peppers Celery & Onions 14.5 Ounce, 3 Cans)
  Safeway: $1.99 (Signature Select Petite Diced Tomatoes 28 Ounce)
  Safeway: $5.99 (Lucerne Whipping Cream Heavy Ultra Pasteurized)
  Safeway: $5.56 (FOUR Signature SELECT Stewed Mexican Style Tomatoes - 14.5 Oz)
  Safeway: $5.99 (Lucern Whipping Cream Heavy Ultra Pasteurized)
  Safeway: $17.5 (salmon and toothpaste)
  Safeway: $1.78 (2 x Signature Select Stewed Mexican Tomatoes 14.5 Ounce)
  H-Mart: $0.7 (Roma Tomato USA/MEX @$1.08/lb)
  H-Mart: $3.99 (MP Red Curry Paste)
  H-Mart: $3.29 (MP Green Curry Paste Tub)
  Walmart: $0.86 (Great Value Tomato Paste, 6 oz)
  Walmart: $2.12 (Great Value Organic Crushed Tomatoes with Basil, 28 oz; 7.6¢/oz)
  Walmart: $0.72 (Fresh Slicing Tomato, Each $1.87/lb -- 2 count)
  Walmart: $1.45 (SIX Fresh Roma Tomato, Each 97.0¢/lb)
  Walmart: $9.96 (Tom’s of Maine Antiplaque and Whitening Fluoride Free Toothpaste, Peppermint, 2 Pack, 4.5 Oz)
  Walmart: $2.09 (Fresh Slicing Tomato, Each $1.98/lb -- 2 cnt)
  Walmart: $0.96 (Great Value Italian-Style Stewed Tomatoes with Basil, Garlic & Oregano, 14.5 oz 6.6¢/oz)
  Walmart: $0.96 (Great Value Sliced Stewed Tomatoes, 14.5 oz 6.6¢/oz)
  Walmart: $6.98 (ARM & HAMMER Advance White Anticavity Whitening Toothpaste with Fluoride, Clean Mint, 6 oz, 2 Pack)
  Walmart: $0.99 (Fresh Roma Tomato, Each $1.28/ea per pound)
  → BEST: H-Mart at $0.7

Tomato Sauce:
  Costco: $5.99 (Cocktail Tomato)
  Costco: $12.99 (KS Tomato Sauce)
  Costco: $6.99 (Roma Tomatos)
  Costco: $6.59 (Tomato Multi-Colored Medley)
  Costco: $6.59 (Cherry Tomato Medley)
  Costco: $5.39 (Grape Tomatos)
  Costco: $5.99 (Tomato Medley Colored)
  Costco: $6.39 (Vine Tomato)
  Costco: $5.99 (Multi-color tomato medley, mexico)
  Costco: $5.99 (Tomato Medley Cherry tomatos)
  Costco: $10.99 (Lemon and Herb Sauce)
  Costco: $5.39 (Grape tomatoes concerto)
  Costco: $5.29 (Campari Cocktail Tomatoes)
  Costco: $5.89 (Grape tomatoes)
  Costco: $11.99 (Kirkland Signature, Organic Tomato Sauce, 15 oz, 12-Count)
  Costco: $12.39 (Thai Banana Fried Royal Asia in Coconut and sesame seed Batter; with coconut cream sauce and caramel honey sauce)
  Costco: $11.99 (Kirkland Organic Tomato Sauce 12 - 15oz cans)
  Costco: $6.46 (Vine Tomatos 14 count)
  Safeway: $1.29 ("Item Name Not Found" tomato paste?)
  Safeway: $1.2 (Red Roma Tomatoes @$1.69/lb)
  Safeway: $4.17 (Signature Select Diced Tomatoes With Peppers Celery & Onions 14.5 Ounce, 3 Cans)
  Safeway: $1.99 (Signature Select Petite Diced Tomatoes 28 Ounce)
  Safeway: $5.56 (FOUR Signature SELECT Stewed Mexican Style Tomatoes - 14.5 Oz)
  Safeway: $1.78 (2 x Signature Select Stewed Mexican Tomatoes 14.5 Ounce)
  Safeway: $1.79 (Las Palmas Sauce Enchilada Medium)
  Safeway: $2.79 (Signature Select Medium Spicy Enchilada Sauce)
  Safeway: $3.49 (Enchilada Sauce Las Palmas)
  H-Mart: $0.7 (Roma Tomato USA/MEX @$1.08/lb)
  H-Mart: $8.79 (Kikkoman Organic Soy Sauce)
  H-Mart: $6.79 (LKK Lee Kum Kee Hoisin Sauce)
  Walmart: $0.86 (Great Value Tomato Paste, 6 oz)
  Walmart: $2.12 (Great Value Organic Crushed Tomatoes with Basil, 28 oz; 7.6¢/oz)
  Walmart: $3.56 (Tabasco Chipotle Pepper Sauce, 5 oz Regular Glass Bottle Containing Liquid Hot Sauce, Gluten Free)
  Walmart: $0.72 (Fresh Slicing Tomato, Each $1.87/lb -- 2 count)
  Walmart: $3.48 (Prego Basil Pesto Sauce, 8 oz Jar 43.5¢/oz)
  Walmart: $1.45 (SIX Fresh Roma Tomato, Each 97.0¢/lb)
  Walmart: $3.56 (Tabasco Chipotle Pepper Sauce, 5 oz Regular Glass Bottle Containing Liquid Hot Sauce, Gluten Free 71.2¢/fl oz)
  Walmart: $2.09 (Fresh Slicing Tomato, Each $1.98/lb -- 2 cnt)
  Walmart: $1.54 (Las Palmas Medium Red Enchilada Sauce, 10 oz 15.4¢/oz)
  Walmart: $0.96 (Great Value Italian-Style Stewed Tomatoes with Basil, Garlic & Oregano, 14.5 oz 6.6¢/oz)
  Walmart: $0.96 (Great Value Sliced Stewed Tomatoes, 14.5 oz 6.6¢/oz)
  Walmart: $0.99 (Fresh Roma Tomato, Each $1.28/ea per pound)
  → BEST: H-Mart at $0.7

Tomato Sauce:
  Costco: $5.99 (Cocktail Tomato)
  Costco: $12.99 (KS Tomato Sauce)
  Costco: $6.99 (Roma Tomatos)
  Costco: $6.59 (Tomato Multi-Colored Medley)
  Costco: $6.59 (Cherry Tomato Medley)
  Costco: $5.39 (Grape Tomatos)
  Costco: $5.99 (Tomato Medley Colored)
  Costco: $6.39 (Vine Tomato)
  Costco: $5.99 (Multi-color tomato medley, mexico)
  Costco: $5.99 (Tomato Medley Cherry tomatos)
  Costco: $10.99 (Lemon and Herb Sauce)
  Costco: $5.39 (Grape tomatoes concerto)
  Costco: $5.29 (Campari Cocktail Tomatoes)
  Costco: $5.89 (Grape tomatoes)
  Costco: $11.99 (Kirkland Signature, Organic Tomato Sauce, 15 oz, 12-Count)
  Costco: $12.39 (Thai Banana Fried Royal Asia in Coconut and sesame seed Batter; with coconut cream sauce and caramel honey sauce)
  Costco: $11.99 (Kirkland Organic Tomato Sauce 12 - 15oz cans)
  Costco: $6.46 (Vine Tomatos 14 count)
  Safeway: $1.29 ("Item Name Not Found" tomato paste?)
  Safeway: $1.2 (Red Roma Tomatoes @$1.69/lb)
  Safeway: $4.17 (Signature Select Diced Tomatoes With Peppers Celery & Onions 14.5 Ounce, 3 Cans)
  Safeway: $1.99 (Signature Select Petite Diced Tomatoes 28 Ounce)
  Safeway: $5.56 (FOUR Signature SELECT Stewed Mexican Style Tomatoes - 14.5 Oz)
  Safeway: $1.78 (2 x Signature Select Stewed Mexican Tomatoes 14.5 Ounce)
  Safeway: $1.79 (Las Palmas Sauce Enchilada Medium)
  Safeway: $2.79 (Signature Select Medium Spicy Enchilada Sauce)
  Safeway: $3.49 (Enchilada Sauce Las Palmas)
  H-Mart: $0.7 (Roma Tomato USA/MEX @$1.08/lb)
  H-Mart: $8.79 (Kikkoman Organic Soy Sauce)
  H-Mart: $6.79 (LKK Lee Kum Kee Hoisin Sauce)
  Walmart: $0.86 (Great Value Tomato Paste, 6 oz)
  Walmart: $2.12 (Great Value Organic Crushed Tomatoes with Basil, 28 oz; 7.6¢/oz)
  Walmart: $3.56 (Tabasco Chipotle Pepper Sauce, 5 oz Regular Glass Bottle Containing Liquid Hot Sauce, Gluten Free)
  Walmart: $0.72 (Fresh Slicing Tomato, Each $1.87/lb -- 2 count)
  Walmart: $3.48 (Prego Basil Pesto Sauce, 8 oz Jar 43.5¢/oz)
  Walmart: $1.45 (SIX Fresh Roma Tomato, Each 97.0¢/lb)
  Walmart: $3.56 (Tabasco Chipotle Pepper Sauce, 5 oz Regular Glass Bottle Containing Liquid Hot Sauce, Gluten Free 71.2¢/fl oz)
  Walmart: $2.09 (Fresh Slicing Tomato, Each $1.98/lb -- 2 cnt)
  Walmart: $1.54 (Las Palmas Medium Red Enchilada Sauce, 10 oz 15.4¢/oz)
  Walmart: $0.96 (Great Value Italian-Style Stewed Tomatoes with Basil, Garlic & Oregano, 14.5 oz 6.6¢/oz)
  Walmart: $0.96 (Great Value Sliced Stewed Tomatoes, 14.5 oz 6.6¢/oz)
  Walmart: $0.99 (Fresh Roma Tomato, Each $1.28/ea per pound)
  → BEST: H-Mart at $0.7

Vegan Cheddar:
  Costco: $7.27 (Ivy's Reserve Vintage Somerset Cheddar Cheese Aged for 18 months, made in great britain @$6.99/lb)
  Costco: $11.79 (Goldfish Cheddar Flavor)
  Costco: $12.75 (KS coastal cheddar @$6.89/lb)
  Safeway: $6.99 (Violife 100% Vegan Just Like Smoked Provolone Slices)
  Safeway: $6.99 (Violife 100% Vegan Just Like Cheddar Slices)
  Safeway: $7.99 (Lucerne Cheese Sharp Cheddar - 32 Oz)
  Safeway: $5.77 (Lucerne Cheese Sharp Cheddar Rustic Cut)
  Safeway: $6.98 (White Cheddar Cheez-its, two 7oz boxes)
  Safeway: $4.99 (Goodles Vegan Be Heroes Plant Based Gluten Free Mac And Cheese, 6 Oz.)
  Safeway: $3.99 (Kraft Heinz Notco Plant Based White Cheddar Mac & Cheese 6 Oz)
  Safeway: $2.49 (O Organics Vegan Mac Cheddar Style Gluten Free 6 Oz)
  Safeway: $6.99 (Violife Just Like Mozzarella Shreds Dairy-Free Vegan - 8 Oz)
  Safeway: $6.99 (Violife Just Like Cheddar Slices Dairy-Free Vegan - 7.05 Oz)
  Safeway: $3.49 (Pepperidge Farm Goldfish Cheddar)
  Walmart: $2.74 (Kraft NotCo White Cheddar Style Plant Based Mac & Cheese, 6 oz Box, Packaged Meal, Shelf-Stable 41.2¢/oz)
  Walmart: $3.28 (Cabot Creamery Seriously Sharp Cheddar Cheese Block 8 oz (Refrigerated) 41.0¢/oz)
  → BEST: Walmart at $2.74

Yogurt:
  Costco: $6.89 (Kirkland Signature Organic Greek Nonfat Yogurt, Plain, 3 lbs)
  Costco: $7.99 (Tzatziki Dip Hannah greek style yogurt dip)
  Costco: $6.89 (Greek Yogurt KS Plain NonFat Yogurt rBST-Free Grade A)
  Costco: $5.69 (MTN HIGH YOGURT)
  Safeway: $1.89 (Fage Greek Yogurt)
  Safeway: $1.08 (Fage Total 5% Plain Yogurt)
  Safeway: $1.49 (Chobani Greek Yogurt Nonfat Plain single Serving)
  Safeway: $1.89 (Fage Greek Yogurt Single Serve)
  Safeway: $0.99 (Lucerne Greek Yogurt Whole Milk Plain 5.3 Oz)
  Safeway: $0.84 (Lucerne Greek Yogurt Whole Milk Plain)
  Safeway: $1.49 (Chobani Greek yogurt single serve)
  Safeway: $2.49 (Noosa Yogurt Mango)
  Safeway: $2.49 (Noosa Yogurt Tart Cherry)
  Walmart: $1.24 (Chobani Non-Fat Greek Yogurt Plain 5.3 oz Cup 23.4¢/oz)
  → BEST: Walmart at $1.24

================================================================================
SHOPPING LIST BY STORE
================================================================================

Walmart ($73.30 total, 25 items):
  - Canned Mackerel: 2 can ($0.92) [Meal A]
  - Canned Mackerel: 1 can ($0.92) [Meal E]
  - Celery: 1 rib ($2.12) [Meal D]
  - Cheddar: 0.25 cup ($2.74) [Meal D]
  - Chicken: 2 packages ($5.06) [Meal B]
  - Chicken: 2 packages ($5.06) [Meal C]
  - Cucumber: 0.6666666666666666 cnt ($0.67) [Meal A]
  - Dill: 0.29 lb ($1.78) [Meal A]
  - Feta: 0.5 cup ($3.28) [Meal A]
  - Feta: 0.25 box ($3.28) [Meal B]
  - Grapes: 0.3333333333333333 box ($4.37) [Meal A]
  - Grapes: 0.3333333333333333 box ($4.37) [Meal C]
  - Grapes: 0.3333333333333333 box ($4.37) [Meal E]
  - ground turkey: 1.72 lb ($4.36) [Meal D]
  - ground turkey: 1.72 lb ($4.36) [Meal F]
  - Kale: 1 bunch ($1.48) [Meal A]
  - Kale: 1 bunch ($1.48) [Meal B]
  - Kale: 1 bunch ($1.48) [Meal C]
  - Sourdough Bread: 0.3333333333333333 loaf ($3.83) [Meal A]
  - Sourdough Bread: 0.5 loaf ($3.83) [Meal C]
  - Sourdough Bread: 0.5 loaf ($3.83) [Meal D]
  - Sourdough Bread: 0.5 loaf ($3.83) [Meal F]
  - squash: 1 cnt ($1.90) [Meal F]
  - Vegan Cheddar: 2 slices ($2.74) [Meal D]
  - Yogurt: 0.6666666666666666 quart ($1.24) [Meal A]

Safeway ($43.36 total, 13 items):
  - apples: 2 cnt ($0.93) [Meal F]
  - Brami protein pasta: 1 box ($1.29) [Meal B]
  - Brami protein pasta: 1 box ($1.29) [Meal F]
  - Grapefruit: 2 cnt ($3.21) [Meal B]
  - Lemon: 1 cnt ($1.69) [Meal A]
  - Lemon Juice: 0.25 bottle ($1.69) [Meal A]
  - Meat Stock: 5 cup ($12.98) [Meal D]
  - Panko: 1 cup ($2.21) [Meal A]
  - peanut butter: 0.25 container ($4.88) [Meal F]
  - pearl barley: 1 bag ($4.29) [Meal C]
  - pearl barley: 1 bag ($4.29) [Meal D]
  - Pomegranate: 1 packages ($2.99) [Meal C]
  - Purple Potato: 2 lb ($1.62) [Meal D]

H-Mart ($32.89 total, 17 items):
  - Berries: 9 oz ($2.98) [Meal D]
  - Carrots: 1 lb ($0.98) [Meal D]
  - Carrots: 1 lb ($0.98) [Meal D]
  - Egg: 2 cnt ($3.67) [Meal A]
  - egg: 6 cnt ($3.67) [Meal E]
  - Eggplant: 3 cnt ($3.67) [Meal B]
  - Frozen peas and carrots: 1 bag ($0.98) [Meal E]
  - green beans : 0.125 bag ($0.79) [Meal F]
  - Kimchi: 0.125 container ($6.48) [Meal E]
  - Lime: 1 cnt ($0.20) [Meal A]
  - Parsley: 0.5 bunch ($0.99) [Meal A]
  - Parsley: 0.5 bunch ($0.99) [Meal D]
  - Sweet Potato: 3 cnt ($3.71) [Meal C]
  - Tomato: 379 g ($0.70) [Meal A]
  - Tomato Paste: 8 oz ($0.70) [Meal A]
  - Tomato Sauce: 1 can ($0.70) [Meal D]
  - Tomato Sauce: 3 can ($0.70) [Meal F]

Costco ($5.86 total, 2 items):
  - Pistachio: 1 cup ($1.97) [Meal C]
  - spinach: 0.5 container ($3.89) [Meal F]

Unknown ($0.00 total, 2 items):
  - Parmesan: 0.125 block ($0.00) [Meal B]
  - Riced Cauliflower: 2 packages ($0.00) [Meal E]

================================================================================
GRAND TOTAL: $155.41
================================================================================

================================================================================
INGREDIENT FRESHNESS CATEGORIES
================================================================================

Highly Perishable (use within 3-5 days):
  - Berries (Meal D)
  - Celery (Meal D)
  - Chicken (Meal B)
  - Chicken (Meal C)
  - Cucumber (Meal A)
  - Dill (Meal A)
  - Eggplant (Meal B)
  - Grapefruit (Meal B)
  - Kale (Meal A)
  - Kale (Meal B)
  - Kale (Meal C)
  - Parsley (Meal A)
  - Parsley (Meal D)
  - spinach (Meal F)
  - Tomato (Meal A)
  - Tomato Paste (Meal A)
  - Tomato Sauce (Meal D)
  - Tomato Sauce (Meal F)

Moderately Perishable (use within 7-10 days):
  - apples (Meal F)
  - Carrots (Meal D)
  - Carrots (Meal D)
  - Cheddar (Meal D)
  - Egg (Meal A)
  - egg (Meal E)
  - Feta (Meal A)
  - Feta (Meal B)
  - Frozen peas and carrots (Meal E)
  - ground turkey (Meal D)
  - ground turkey (Meal F)
  - Lemon (Meal A)
  - Lemon Juice (Meal A)
  - Lime (Meal A)
  - Pomegranate (Meal C)
  - squash (Meal F)
  - Sweet Potato (Meal C)
  - Vegan Cheddar (Meal D)
  - Yogurt (Meal A)

Shelf Stable (can store 2+ weeks):
  - Brami protein pasta (Meal B)
  - Brami protein pasta (Meal F)
  - Canned Mackerel (Meal A)
  - Canned Mackerel (Meal E)
  - Frozen peas and carrots (Meal E)
  - Grapes (Meal A)
  - Grapes (Meal C)
  - Grapes (Meal E)
  - green beans  (Meal F)
  - Kimchi (Meal E)
  - Lemon Juice (Meal A)
  - Meat Stock (Meal D)
  - Panko (Meal A)
  - Parmesan (Meal B)
  - peanut butter (Meal F)
  - pearl barley (Meal C)
  - pearl barley (Meal D)
  - Pistachio (Meal C)
  - Riced Cauliflower (Meal E)
  - Sourdough Bread (Meal A)
  - Sourdough Bread (Meal C)
  - Sourdough Bread (Meal D)
  - Sourdough Bread (Meal F)
  - Tomato Paste (Meal A)
  - Tomato Sauce (Meal D)
  - Tomato Sauce (Meal F)
  - Vegan Cheddar (Meal D)
